2920 4498
166 143 252 228 nm
496 147 681 213 aeonum
714 135 990 217 veneranter.

124 271 132 308 ⁸
255 302 389 368 cunm
412 305 541 390 genunt
563 303 645 382 (nn
669 303 799 366 striaiori
828 305 912 371 tenta
932 307 969 370 ne
987 308 1086 390 arm)
1109 309 1152 374 en
1174 317 1249 377 rear
1264 317 1318 380 n-

294 392 352 449 turi
387 387 616 470 compendium,
639 389 668 445 in
700 407 789 466 quem
821 389 938 452 demum
964 395 1178 475 explicabitur3
1205 399 1316 460 constat

291 471 404 552 semper
416 469 563 551 spanniis,
582 468 704 529 totidem
727 469 866 532 soliorum
884 473 1077 549 rudimentis,
1095 473 1256 540 etiamnum
1275 481 1316 553 (a

289 553 393 614 suturo
406 553 520 612 ramulo
534 549 665 610 nondum
681 551 821 630 elongato
834 559 847 632 )
860 559 1085 637 approximatis3
1104 577 1231 639 cumque
1244 560 1316 622 solia

293 632 353 692 sine
373 654 489 710 gemma
511 631 627 692 existere
645 651 822 710 nequeant,
853 636 964 700 necesse
987 637 1048 712 est,
1072 649 1110 701 Itt
1132 645 1256 720 gemmae
1273 637 1318 702 la·
1357 659 1361 666 '

291 729 379 776 teant
403 716 432 774 ln
449 713 510 774 bnu
526 713 671 792 cujusque
691 711 819 792 squamae
837 737 1035 796 gemmaceae,
1056 721 1317 784 confirmantem.

293 795 409 878 topsia,
433 797 566 873 adeoque
587 796 690 874 nequit
706 797 801 856 omnis
818 817 932 876 gemma
950 801 1027 862 aliud
1051 803 1128 876 esse,
1149 821 1238 884 quant
1252 825 1317 865 cor·

290 897 346 957 pus
366 901 381 936 e
398 877 476 938 soliis
494 877 523 936 bt
540 877 694 954 gemmulis
726 878 917 958 composttutn
934 902 940 939 :
956 883 1064 946 Omnia
1093 886 1184 964 Igitur
1200 905 1317 964 gemma

294 957 409 1020 conssat
431 959 507 1017 soliis
522 977 589 1018 cum
609 959 666 1019 suis
694 953 874 1039 gemmulis,
897 961 927 1022 a<
950 962 995 1024 bar
1015 967 1173 1043 gemmule
1187 965 1317 1028 similiter

260 1054 263 1062 ⁴
294 1061 332 1100 ex
349 1039 507 1102 minoribus
525 1037 649 1118 squamis
667 1041 696 1099 bt
711 1041 892 1120 gemmulis,
920 1043 948 1100 bt
963 1041 998 1102 sic
1016 1067 1101 1126 porro
1123 1049 1152 1106 in
1182 1050 1318 1126 quintam

296 1121 390 1202 usque
407 1121 575 1200 progeniem
598 1123 657 1194 (ut
679 1126 708 1180 in
727 1122 902 1198 vestrone),
925 1143 978 1182 nec
1001 1146 1101 1205 ultra,
1123 1127 1319 1194 confirmante

295 1197 544 1279 metamorphos:
569 1203 647 1279 Ergo
676 1221 774 1261 ramus
802 1203 924 1264 foliosus
952 1209 1100 1283 presentis
1129 1213 1200 1271 anni
1228 1212 1318 1272 sottus

294 1283 416 1344 ramulis
433 1282 567 1342 omnibus
585 1301 635 1361 per
658 1283 880 1364 quinquennium
895 1285 1072 1364 prodituris,
1097 1289 1319 1354 succedentibus

292 1365 333 1428 ad
352 1383 494 1424 extremos
516 1367 610 1444 apices
624 1363 734 1442 semper
749 1365 858 1439 novis,
877 1368 907 1424 in
922 1365 1150 1443 desoliatotum,
1168 1371 1203 1429 ad
1220 1371 1296 1433 baso
1305 1417 1318 1447 ,

295 1447 414 1516 locum,
433 1465 464 1506 ut
482 1465 619 1506 numerus
639 1448 794 1525 quinarius
809 1465 961 1526 perennet.
980 1451 1042 1510 ldoc
1053 1449 1086 1510 fit
1097 1452 1128 1511 ln
1146 1451 1319 1527 arboribus,

296 1530 347 1590 nbi
367 1525 525 1588 medullam
544 1543 674 1586 motatur
698 1526 798 1586 durior
818 1526 978 1590 substantia
999 1531 1096 1612 lignea
1119 1553 1127 1606 ;
1150 1531 1181 1590 in
1207 1533 1318 1608 plantis

291 1613 402 1674 annuis
423 1626 541 1682 autent,
563 1609 611 1668 ubi
631 1609 727 1668 minor
748 1607 903 1672 restssentia
926 1613 1070 1672 corricalis
1088 1613 1204 1672 laxioris
1218 1615 1319 1676 versus

296 1691 479 1761 medullam,
503 1691 582 1748 valet
604 1687 665 1750 lraec
686 1690 822 1766 brevius,
849 1689 908 1754 stne
928 1711 1010 1752 mora
1035 1709 1220 1772 gemmacea,
1240 1698 1318 1760 exite

293 1774 325 1833 in
361 1772 467 1846 flores,
497 1771 696 1850 quodcunque
720 1771 799 1830 enirn
833 1771 910 1830 valet
940 1775 1153 1854 propulsonem
1183 1777 1318 1838 medullae

294 1875 426 1935 angere,
450 1855 478 1928 β(
502 1852 674 1914 inclusivam
703 1856 763 1915 vim
786 1851 932 1917 corticalis
952 1853 1114 1920 substantia:
1146 1856 1317 1934 debilitare,

297 1935 325 1996 ia
344 1933 524 2018 promovebit
546 1933 770 1996 florescenriam.
1047 1956 1051 1962 ·

255 2017 402 2084 Fuottem
425 2020 492 2077 dnm
510 2017 650 2096 producat
667 2019 773 2088 arbor,
799 2033 903 2076 natura
922 2019 1093 2100 anticipabit
1110 2020 1245 2100 quinque
1262 2039 1318 2080 an·

298 2119 401 2160 norum
428 2099 605 2180 progenies,
626 2095 708 2159 fimus
734 2117 797 2158 tum
821 2095 987 2184 proditurus
997 2146 1006 2174 ,
1026 2099 1180 2160 formando
1203 2121 1219 2160 e
1239 2102 1319 2161 soliis

297 2182 473 2260 gemmateis
491 2181 582 2241 suturi
599 2181 671 2240 atini
687 2179 815 2240 araneas
827 2225 837 2252 ,
851 2179 1125 2258 sequentiscalicem
1138 2225 1148 2254 ,
1160 2182 1319 2262 insequen-

296 2265 333 2322 tis
355 2263 516 2332 corollam,
545 2261 749 2340 consequentis
766 2259 912 2336 stamina,
934 2261 1139 2344 subsequentis
1155 2265 1314 2340 pistillum,

296 2344 434 2404 testatum
447 2343 574 2404 medulla
585 2345 738 2422 granulata
745 2341 888 2415 sinunum
903 2388 912 2414 ,
930 2347 1054 2406 termino
1066 2347 1134 2404 vita:
1145 2350 1318 2424 vegetantis.

175 2443 227 2508 pp.
257 2423 576 2486 FLoRescssuTtA
612 2421 679 2484 lillit
708 2425 875 2507 plantarunt
894 2426 1042 2502 sponfizlia
1064 2427 1095 2486 in
1119 2425 1192 2488 flore
1216 2430 1261 2504 a)
1282 2428 1313 2486 ὃ(

298 2507 414 2580 nuptias
437 2507 466 2562 in
494 2503 635 2564 entheas

254 2589 369 2656 FLOS,
388 2603 474 2647 exuta
495 2583 590 2646 herber
616 2586 717 2658 larva,
739 2583 835 2665 prodit
857 2585 957 2666 planta
987 2585 1154 2661 declarata,
1179 2588 1314 2664 interna,

298 2668 380 2728 nuda
405 2669 434 2726 bt
457 2667 582 2748 persesla
607 2667 694 2726 intlar
711 2665 804 2739 injicii
823 2668 937 2746 alligati
959 2669 1110 2728 volitantis
1125 2670 1317 2745 ,coleoptratr'

297 2751 411 2826 calice,
435 2748 510 2805 elati
530 2751 661 2820 corona,
681 2749 838 2807 constantis
860 2748 926 2811 solis
948 2748 1096 2826 visceribus
1119 2749 1316 2828 genitalibus,

296 2831 433 2904 ntascrrla'r
450 2827 617 2894 staminibus
633 2849 666 2888 ex
681 2829 810 2888 antherio
833 2828 1054 2905 resticulart'brtr,
1071 2833 1186 2910 repletis
1204 2831 1316 2911 polline

292 2911 418 2992 genitali
427 2956 436 2984 ,
455 2913 624 2972 continente
628 2911 769 2990 sirvillaor
784 2909 1001 2984 vivificantem,
1014 2911 1043 2971 bt
1052 2913 1190 2992 femineis
1205 2911 1315 2990 pistillit

215 3049 216 3054 ,
286 3011 334 3054 ten
356 2994 493 3074 germinis
513 2993 614 3052 ovorio
637 2993 795 3052 terminato
817 2991 947 3070 sltgmate
967 2993 1129 3078 rulvsj'ero,
1153 2995 1230 3054 tesso
1244 2997 1316 3072 pube

299 3073 458 3148 tubulosa,
480 3073 633 3138 resudante
652 3075 799 3155 lympham
823 3075 990 3154 genitalem.

257 3155 442 3224 ybreutensis
472 3157 640 3234 peragitur,
675 3155 745 3218 dunt
778 3153 907 3214 antherae
939 3171 1031 3236 rupte
1061 3155 1202 3236 spargunt
1232 3159 1316 3222 suum

293 3241 393 3318 pollen
409 3237 563 3298 vesculare
580 3237 665 3317 snpra
673 3237 797 3312 stigma,
823 3257 884 3316 quo
899 3235 976 3297 efflat
992 3237 1048 3297 ltoc
1066 3237 1208 3300 inclusam
1219 3241 1316 3320 fari!-

299 3321 361 3381 lom
389 3317 569 3392 masculam,
592 3317 800 3380 absorbendam
815 3319 962 3398 alynrpbo
980 3321 1106 3396 genitali
1123 3321 1248 3382 seminet
1265 3343 1316 3384 re-

297 3403 439 3471 sudante,
468 3417 500 3460 ut
526 3419 698 3480 corporeum
720 3399 881 3461 masculum
904 3400 1003 3460 addito
1025 3401 1152 3460 femineo
1175 3403 1318 3466 medulati

300 3479 1317 3560 conficiatovurn,injussamntaturitatemsovendutnintraovarium.

176 3569 229 3634 ab.
257 3565 513 3631 PRINCIPIUM
537 3562 767 3628 sruslificationis
779 3608 790 3638 ‚
804 3563 1027 3630 fundamentum
1041 3565 1191 3624 botanices
1204 3607 1215 3640 ,
1227 3567 1316 3630 altius

302 3653 502 3727 repetendum.

237 3889 274 3959 a)
293 3889 416 3966 Spaustlia
445 3891 593 3964 plantarunt.
617 3899 715 3950 Amr.
742 3897 813 3954 atad·
837 3899 859 3956 1·
880 3917 906 3956 a·
933 3911 973 3956 ιι
