2920 4498
489 151 676 220 tronum
708 145 981 218 vnonrnarrx.
1106 127 1114 138 “
1239 137 1319 216 rrr'

179 343 184 356 ·
285 305 419 386 ‘exitum3
437 329 572 396 ,quoveto
593 331 767 392 corporeum
793 307 944 370 torreant
961 307 1084 371 debilius
1096 327 1153 384 „eo
1177 303 1300 369 elaullra

289 393 374 454 eitius
396 391 501 454 reserat
520 391 763 472 metamorphosin
785 389 936 462 subitura,
958 409 1083 468 quaeque
1104 387 1228 450 evasura
1245 389 1305 450 sese

289 493 358 534 cum
376 495 496 558 corpore
519 475 663 556 copulat,
688 489 720 532 nt
739 471 771 532 in
790 491 883 535 novas
903 469 1090 552 dispergenda
1109 473 1185 532 vitas
1204 471 1303 532 circu·

291 551 336 614 lus
359 571 508 637 perennet.

167 645 223 706 aa.
248 631 522 698 GERMINATIO
534 635 566 697 fit
577 631 704 716 dispersis
716 630 892 706 seminibus,
917 653 968 714 per
981 629 1078 693 lrilirm‘
1085 631 1304 693 absorbentibus

289 737 420 798 aquam,
450 715 527 777 unde
557 733 729 796 rumpuntur
758 713 933 776 membrana
957 736 973 774 a
997 713 1101 776 bibulis
1123 715 1303 774 tumentibus

288 818 333 859 cot
355 799 528 872 sedenibus,
552 796 725 858 lat‘lantibus
747 795 910 868 corculum,
933 795 1025 878 usque
1051 793 1120 858 dunt
1138 792 1226 864 fretus
1244 795 1305 867 ros-

290 896 318 940 te
332 881 391 941 lunt
409 877 552 939 radiculas
569 877 701 953 exserat;
717 899 778 958 qno
796 877 925 955 erigatur
940 875 1071 956 plantula
1093 871 1260 937 accrescens
1273 875 1304 936 in

287 955 399 1020 herbam
421 959 510 1032 anni,
531 955 719 1020 terminatam
735 978 850 1036 gemma
870 957 960 1040 supra,
980 957 1181 1040 decompofita.

166 1051 218 1123 23.
249 1040 492 1106 VEGETATIO
515 1039 547 1100 stt
572 1039 711 1124 radiculis
730 1039 899 1120 sugentibus
921 1040 1077 1102 tinduram
1095 1035 1233 1120 aquosam
1253 1033 1308 1098 bu·

250 1123 330 1182 --mi
344 1165 353 1196 ‚
365 1125 442 1202 'qnae
463 1124 560 1184 calore
578 1120 710 1200 quotidie
736 1121 859 1192 addito,
883 1119 961 1182 lente
985 1121 1103 1204 pellitur
1124 1139 1175 1204 per
1190 1119 1307 1180 corticis

288 1205 400 1264 externi
422 1200 510 1279 vasa,
535 1201 612 1263 unde
639 1204 763 1264 nutritio
785 1201 934 1264 exterioris
955 1202 1160 1284 interiorisque
1176 1201 1308 1282 plantae,

289 1281 443 1346 exhalante
462 1282 633 1365 superfluo,
648 1283 766 1344 cortices
790 1284 955 1365 deponente
976 1284 1013 1344 ab
1034 1284 1171 1344 interiore
1194 1285 1306 1363 pariete

296 1363 425 1441 librum,
450 1365 611 1445 quotannis
633 1364 813 1434 secedentem
835 1365 865 1423 in
890 1363 1078 1426 substantiam
1097 1365 1224 1442 ligneam
1247 1367 1307 1439 (erl

287 1447 406 1506 annulis
434 1447 584 1507 annotinis
613 1445 796 1510 interstinslis
821 1443 940 1506 alburno
963 1443 1080 1506 demum
1098 1449 1134 1506 ab
1156 1445 1311 1508 emarcidis
1362 1513 1365 1524 ¹

289 1526 472 1589 inferioribus
487 1528 574 1611 ramis
590 1525 808 1607 suboffetaeto)
829 1525 1051 1588 sustentaturam
1073 1527 1224 1607 caudicem
1249 1527 1307 1588 ad·-

287 1605 496 1682 scendentenr,
519 1610 593 1668 intra
616 1609 699 1688 cujus
721 1611 815 1690 apices
834 1607 961 1668 medulla
988 1607 1055 1670 viva
1078 1629 1221 1690 properat.

246 1687 454 1752 MEDULLAM
474 1691 607 1771 concipio
620 1691 793 1752 fasciculum
808 1713 822 1750 e
841 1690 918 1750 fibris
932 1711 1089 1752 nervorum
1104 1692 1216 1754 aetnulis
1231 1691 1306 1753 isos-

289 1772 376 1831 celen
399 1773 615 1846 formantibus,
636 1772 665 1830 in
680 1775 794 1851 quavis
813 1771 912 1831 vitalis,
919 1772 1031 1852 pellens
1043 1777 1149 1854 rumpit
1163 1776 1282 1834 extimas
1296 1818 1307 1846 ,

287 1849 356 1914 ltine
379 1851 584 1934 divergentes,
604 1871 794 1934 penetrantes
812 1854 949 1914 corticem
972 1855 1131 1914 etiamnum
1149 1855 1306 1933 subgelati·

213 1953 216 1962 ’
286 1934 413 2009 nusum,
431 1937 479 1996 ubi
495 1935 524 1994 hi
538 1937 619 1994 nervi
637 1935 809 2004 medullares
830 1937 912 2015 apice
926 1935 1053 1994 fimiliter
1072 1935 1306 2014 multiplicantur

287 2013 320 2074 in
341 2035 497 2095 gemmam.
526 2017 555 2078 A
578 2012 682 2076 diffnto
702 2037 752 2096 per
779 2016 832 2075 has
861 2014 969 2086 fibras,
993 2015 1060 2074 vase
1088 2015 1307 2092 adscendente,

286 2096 486 2179 impeditoque
510 2097 613 2158 subtus
640 2095 779 2158 adscensu
808 2097 937 2158 humoris
967 2095 1115 2176 propulit,
1140 2097 1304 2160 extenditur

287 2179 425 2238 corticale
448 2179 479 2240 in
497 2177 619 2258 folium.

244 2258 391 2322 Pontum
405 2259 484 2331 hoc,
501 2257 582 2338 quod
598 2275 766 2318 exerceatur
784 2255 888 2318 volatu
901 2273 1077 2334 ventorum,
1093 2257 1211 2322 attrahit
1224 2281 1320 2342 prae-¹

288 2356 431 2418 paratque
453 2338 603 2420 (exceptis
628 2337 846 2419 parasticorum
873 2357 958 2401 antea
976 2345 1176 2422 praeparatos)
1196 2341 1305 2404 bumo-

289 2436 336 2478 res
351 2420 486 2501 ,pagina
504 2419 653 2500 superiore
677 2441 710 2480 ex
723 2429 790 2482 asre
803 2423 833 2482 bt
848 2422 912 2484 lnce
927 2465 943 2493 ,.
959 2421 1102 2502 quicquid
1120 2422 1172 2496 fit,
1193 2425 1307 2503 prioci-

290 2501 371 2580 pium
382 2501 503 2582 inspirat
515 2543 524 2574 ,
536 2502 644 2582 pagina
655 2501 793 2565 inferiore
813 2504 943 2568 roridum
958 2509 1114 2583 assemque
1132 2503 1305 2566 oecnnomiae

287 2581 444 2661 vegetabili
453 2583 630 2664 superfluunt
641 2585 778 2666 perspirat
789 2605 828 2656 ‚a
837 2585 905 2646 casu
917 2605 1071 2664 nunquam
1085 2587 1304 2648 renasciturum.

245 2659 484 2725 nrtcrtrtrrrrx
504 2681 602 2730 auteur
625 2665 704 2724 larva
721 2667 841 2740 herba,
862 2669 910 2728 ubi
924 2665 1059 2727 medullae
1073 2668 1217 2748 pro'pullio
1235 2689 1305 2728 nra-

286 2744 352 2824 jor,
376 2765 465 2826 quant
487 2744 664 2806 includentis
684 2747 797 2808 corticis
820 2748 962 2820 retentio,
983 2767 1043 2824 quo
1064 2750 1169 2827 aperiri
1192 2747 1306 2811 videtur

285 2823 445 2888 substantia
472 2825 594 2886 corticis.
619 2829 651 2888 in
674 2830 816 2904 calicem,
839 2829 905 2889 libri
927 2830 958 2888 in
982 2830 1124 2890 corollam
1141 2872 1157 2902 „
1177 2827 1252 2904 ligni
1273 2831 1305 2892 in

285 2905 429 2982 slamina,
451 2907 587 2967 medulla
609 2909 640 2968 in
661 2909 849 2988 pillilla„rr)
878 2911 1057 2969 terminante
1088 2911 1302 2988 vegetationem

288 3009 366 3049 nova
388 2989 478 3063 vita,
505 2989 638 3048 colledlis
659 2989 721 3050 filis
736 2993 766 3050 in
793 2991 896 3050 ultima
920 2987 1059 3052 medullas
1085 2989 1203 3075 semipa.

160 3081 214 3147 24.
248 3069 462 3132 PROLEPSlS
482 3067 548 3128 sistit
571 3069 835 3208 metamorphoseos
852 3073 1018 3149 plantarum
1035 3069 1220 3154 mysterium,
1240 3096 1304 3156 quo

286 3149 381 3212 herhae
399 3151 482 3212 larva
505 3167 636 3209 mutatur
658 3153 689 3208 in
730 3148 885 3209 etiamtum
900 3149 1180 3231 sruslificationema
1196 3159 1304 3238 plantae

286 3233 364 3324 eninr
387 3229 425 3290 ell
449 3227 605 3308 producere
627 3229 672 3290 vel
696 3230 978 3308 terram-foliosam‚
1003 3235 1049 3295 vel
1070 3237 1159 3296 etiam
1173 3239 1302 3319 frudifi·

285 3329 439 3371 rotronem.

243 3395 389 3460 fontum
413 3391 582 3472 genuinum.
603 3391 713 3475 semper
744 3391 856 3456 insitu
880 3395 963 3460 fovet
985 3399 1058 3459 rami
1081 3397 1303 3482 multiplicantis

285 3475 483 3558 principium,
505 3471 562 3534 stve
592 3475 657 3538 retu
675 3521 689 3550 ,,
707 3473 762 3536 srve
787 3481 917 3560 potentia
941 3479 1026 3556 tale,
1051 3501 1178 3562 cumque
1197 3483 1301 3546 solium

285 3555 317 3617 stt
342 3577 443 3618 natum
465 3560 501 3616 ob
527 3555 615 3638 hujus
636 3553 784 3630 caussam,
810 3581 864 3619 nec
885 3561 1025 3635 vicissim,
1054 3566 1160 3643 neqoit
1182 3563 1300 3630 exiliere

286 3639 411 3712 solium,
440 3637 490 3698 nist
512 3638 566 3698 hoc
589 3639 762 3721 principium
784 3641 972 3721 perforaverit
994 3659 1081 3722 antea
1105 3647 1240 3708 corticem
1255 3655 1302 3720 ,e

283 3741 344 3801 qno
364 3739 460 3782 ortum
481 3717 537 3792 est,
557 3721 625 3782 licet
642 3720 760 3780 effeetus
782 3740 850 3781 ante
875 3722 955 3783 suam
976 3725 1094 3784 causam
1117 3726 1298 3790 manifestus.

178 3847 1295 3876 mm*—

179 3897 184 3934 t
227 3925 261 3990 a)
285 3922 508 3992 repugnaretur
529 3921 659 3978 sententiar
681 3923 796 3978 videntne
821 3924 911 3975 seriora
929 3925 1039 3990 qrrrtrrrr
1061 3927 1238 3992 experimenta.

1082 4007 1142 4072 ³4
