2920 4498
499 165 691 272 'annuunt
712 187 982 272 vacuamur..
1028 226 1033 240 ι
1268 213 1315 284 nt

257 362 444 433 Romula
457 384 464 424 :
479 363 632 448 Supponat
648 363 685 424 D.
701 363 738 422 Ο.
750 364 788 423 Ο.
806 364 837 424 in
849 363 1005 442 primordio
1017 387 1035 427 a
1047 363 1167 450 fimplici
1181 367 1315 449 progres-

301 450 364 512 sum
381 448 418 508 ad
436 449 589 528 composita
603 493 611 518 ‚
625 467 643 507 a
658 447 757 525 paucis
768 444 806 504 ad
820 447 903 526 plura
918 443 925 502 l
939 447 1097 527 adeoquea
1112 453 1205 531 primo
1223 470 1316 529 vege-

299 533 382 594 tabili
403 531 545 612 principio
575 545 618 588 tot
639 545 753 588 tautum
786 525 892 587 creasse
920 529 1034 607 plantas
1064 533 1216 605 diversas,
1240 547 1316 612 quot

298 613 418 675 ordines
436 613 598 672 naturales.
613 611 671 668 Has
684 607 819 671 ordinum
844 609 957 690 plantas
971 610 1082 671 IPSUM
1096 613 1163 674 dein
1176 614 1216 673 ita
1234 614 1311 672 inter

298 695 330 756 se
372 693 518 764 enecando
537 687 694 763 miscuisse,
715 707 747 750 ut
763 689 885 752 totidem
901 693 1080 754 exorirentur
1099 694 1224 772 plantae,
1241 710 1315 772 quot

300 715 388 841 hade
412 775 535 836 exiliunt
553 791 659 848 genera
678 795 687 830 .·
709 776 857 832 Naturam
880 771 946 832 dein
965 775 1113 850 genericac
1131 771 1181 831 has
1201 777 1316 854 plautas

301 877 352 940 per
383 857 586 936 generationes
617 854 809 932 ambigena,
844 855 940 934 (quet
962 851 1134 916 structuram
1154 852 1233 914 floris
1256 875 1317 916 non

299 938 446 1013 mutant)
463 938 538 996 iuter
555 935 584 994 se
600 935 758 1008 miscuisse,
784 935 812 994 ὃ(
836 935 1040 1014 multiplicasse
1061 940 1089 996 in
1106 935 1216 1014 specim
1236 937 1314 996 exis-

301 1035 416 1090 tentes,
442 1035 589 1097 quotquot
633 1017 778 1089 odibiles,
800 1015 919 1078 exclufis
941 1031 1040 1078 tamen
1063 1037 1223 1079 enumero
1247 1019 1317 1098 spe.

300 1102 411 1160 clerum
434 1101 471 1164 ab
495 1037 635 1176 ejusmodi
657 1097 849 1180 generatione
870 1096 1015 1181 produslis
1034 1102 1143 1180 plantis
1162 1098 1317 1180 hybrida,

301 1197 403 1260 utpote
421 1177 571 1240 sterilibus.

260 1264 383 1326 GENus
405 1262 505 1342 itaque
518 1282 607 1328 omne
623 1258 662 1322 est
680 1259 837 1336 naturale,
854 1257 1047 1324 confirmante
1063 1279 1192 1336 natura,
1210 1260 1316 1326 saltum

301 1364 362 1404 nou
384 1343 522 1406 faciente.

259 1425 476 1487 CHnRucaun
507 1446 577 1508 ergo
596 1446 654 1486 nott
675 1421 833 1485 constituat
860 1443 995 1504 unquam
1015 1445 1127 1508 genus,
1155 1424 1202 1487 sed
1216 1423 1315 1488 sedulo

299 1507 461 1568 secundum
480 1528 573 1587 genus
590 1526 702 1568 naturae
717 1505 919 1570 conficiendus
936 1507 983 1569 est.
1000 1553 1003 1562 ,

257 1589 408 1653 ΡιΑΝΉῈ
428 1610 605 1666 congeneret
628 1589 694 1650 suut
716 1588 814 1667 quoad
833 1601 926 1668 genus
949 1588 1151 1670 dignoscenda
1173 1610 1189 1650 e
1214 1587 1317 1668 planta

296 1670 467 1742 declarata,
490 1691 557 1730 cum
585 1672 736 1750 generatio
757 1671 911 1748 ambigena
933 1673 1043 1732 illibata
1066 1672 1214 1750 relinquat
1233 1670 1316 1730 fruc-

298 1751 513 1826 tificationem,
535 1753 584 1814 sed
606 1751 816 1832 distinguenda
839 1754 869 1811 in
895 1751 988 1833 specie
1013 1753 1171 1814 secundum
1195 1751 1314 1812 herbam
1399 1806 1402 1814 ,
1442 1801 1443 1810 ,

297 1853 316 1892 a
336 1832 421 1896 suciis
440 1832 610 1906 sororibus,
635 1833 747 1895 diverlu
772 1851 853 1914 patre
875 1834 1029 1914 produclis.

168 1945 170 1948 ’
258 1937 458 2004 Dlncnosas
481 1940 517 2000 stc
535 1941 642 2036 plante
663 1939 786 2004 consissit
812 1941 843 2002 iu
862 1933 1006 2002 affinitate
1021 1939 1137 2018 generis
1155 1939 1185 1999 ὃ(
1204 1939 1236 1999 iu
1252 1937 1314 2000 dis-

298 2021 419 2088 crimine
433 2021 549 2099 faterier.
1330 2083 1335 2092 ,

257 2103 392 2168 NOMEN
408 2105 517 2186 planta
528 2107 646 2186 itaque,
666 2123 699 2166 ut
711 2120 866 2183 utramque
877 2101 1028 2178 diagnostu
1042 2103 1196 2189 indigitet,
1209 2099 1313 2188 duplex

298 2187 350 2244 etit
371 2207 378 2246 ε
403 2184 573 2245 Genericntn
599 2208 764 2264 cognomen
787 2187 974 2264 gentilitium·
1258 2193 1260 2197 '

400 2263 565 2346 Specificunr
589 2288 756 2348 praenomen
781 2268 906 2329 triviale.

293 2339 346 2408 lub
363 2346 418 2407 hoc
442 2369 512 2408 vero
530 2348 698 2430 synonyma
715 2369 789 2430 vaga
810 2351 970 2412 ausimum.

246 2449 479 2524 dotamus,
510 2454 660 2533 sequendo
688 2454 913 2533 cluffificatiunes
937 2477 986 2535 per
1008 2451 1181 2516 carradam
1206 2453 1314 2535 plantae

298 2533 450 2596 declaratae
465 2536 580 2596 ducitur
601 2537 637 2596 ad
656 2558 743 2612 genus
763 2539 964 2606 nominatum,
991 2557 1040 2617 per
1057 2531 1238 2616 differentim
1254 2535 1315 2594 lar-

298 2637 344 2674 vae
365 2617 402 2676 ad
429 2619 535 2694 liuttici
557 2621 801 2699 appellationem,
830 2617 897 2678 inde
915 2617 950 2677 ad
969 2616 1055 2697 hujus
1067 2617 1263 2699 J'yuunyrnu‚·
1280 2637 1315 2676 ex

298 2695 342 2756 his
359 2701 393 2756 ad
405 2697 531 2759 audurus
547 2745 556 2774 ‚
573 2701 675 2762 exinde
691 2699 726 2760 ad
740 2699 853 2770 narnia,
868 2719 934 2778 quae
944 2697 979 2756 de
999 2699 1112 2775 objesio
1125 2697 1313 2778 quaestionis,

297 2778 388 2841 seculi
424 2781 587 2852 benefico,
618 2783 654 2840 ad
677 2800 728 2840 uos
755 2801 923 2861 pervenere.
957 2779 1004 2839 Sic
1027 2779 1103 2840 dicat
1130 2779 1189 2858 ipsa
1211 2779 1312 2859 planta

298 2859 382 2920 suum
406 2882 533 2934 nomen,
561 2864 700 2940 suamque
724 2861 869 2924 historiam
890 2865 919 2922 in
943 2877 1025 2923 tanta
1046 2861 1235 2922 multitudine
1250 2861 1315 2940 spe-

299 2943 430 3014 cierum,
463 2945 522 3004 imo
548 2944 789 3018 individuorum
821 2943 875 3003 boc
911 2942 976 3002 finis
1011 2941 1159 3018 botanices
1181 2942 1312 3022 primus,

297 3022 387 3082 seculi
411 3023 496 3084 nostri
515 3025 690 3099 inventum,
710 3025 739 3084 in
768 3045 828 3108 quo
848 3023 1025 3106 perficiendo
1047 3021 1226 3088 desudabunt
1248 3043 1314 3082 om·

302 3123 353 3164 nes
374 3105 507 3166 Botanici
531 3107 600 3164 veri.

176 3214 227 3279 27.
261 3203 505 3266 BOTANICUS
519 3229 603 3266 uerus
618 3207 765 3267 desudabit
776 3207 805 3267 ln
820 3208 955 3290 augendo
978 3211 1132 3272 amabilem
1151 3212 1317 3288 scientiam.

260 3285 542 3348 DEscmPatoNEs
560 3286 790 3348 fundamentales
803 3291 940 3352 conficiat
953 3295 1047 3351 verbis
1060 3292 1312 3364 charasierillicis,

214 3423 224 3430 ,
300 3365 462 3445 plantarum
485 3367 623 3448 imprimis
645 3369 841 3432 obscuriorum
865 3375 1007 3433 rariorum
1030 3371 1255 3456 novarumque,
1278 3375 1316 3434 ad

300 3466 438 3507 normam·
458 3451 667 3512 delineationis·
683 3454 813 3534 plantae,
837 3457 939 3536 quales
957 3453 1071 3528 Filius,
1094 3458 1119 3518 a
1138 3457 1313 3519 Sclreberuc

301 3527 330 3587 in
354 3527 394 3588 D.
402 3532 501 3604 curiis,
529 3530 711 3612 Tdumderg,
727 3533 897 3610 l’llerin'er,
915 3537 1051 3618 Mutray.

260 3613 285 3672 F
289 3626 441 3686 munus,
469 3613 488 3674 st
510 3618 638 3694 poterit,
660 3616 766 3694 addat,
789 3639 856 3699 quae
881 3621 1084 3699 repraesentant
1099 3623 1230 3703 plantam
1244 3641 1313 3701 per·

302 3695 426 3770 sellam,
447 3699 548 3774 quales
563 3697 665 3758 dedere
685 3697 841 3775 Vaislunt,
852 3701 1021 3776 Dissenius,
1040 3702 1150 3776 Eltret,
1169 3701 1288 3784 lacquin
1304 3749 1317 3786 η

304 3772 335 3834 Τ
333 3799 416 3849 νιιυ,
433 3776 617 3856 Sclmielel,
637 3779 785 3860 Hedwr'g,
807 3781 962 3860 Caesarue,
979 3805 1046 3845 cum
1068 3783 1187 3862 Sustulit
1198 3829 1207 3862 ,
1220 3785 1316 3843 Asen-

301 3856 384 3915 drutlt
408 3859 436 3917 dl
458 3857 567 3924 Baete.

149 4025 158 4046 ,
259 3964 1317 4066 Diffuuauullsspecificateruatcompendiosas&rnaxiuteproptiae
